<record xmlns='http://www.loc.gov/MARC21/slim'><leader>01932cam a22003131a 4500</leader><controlfield tag='001'>3366422</controlfield><controlfield tag='005'>20111204102528.0</controlfield><controlfield tag='007'>cr mn ---mabba</controlfield><controlfield tag='008'>841120s1778    ctu     s     000 0 eng d</controlfield><datafield ind1=' ' ind2=' ' tag='035'><subfield code='a'>3366422</subfield></datafield><datafield ind1=' ' ind2=' ' tag='040'><subfield code='a'>MWA</subfield><subfield code='b'>eng</subfield><subfield code='c'>MWA</subfield><subfield code='e'>bdrb</subfield></datafield><datafield ind1=' ' ind2=' ' tag='091'><subfield code='a'>ecol</subfield></datafield><datafield ind1='0' ind2=' ' tag='100'><subfield code='a'>J. M.</subfield></datafield><datafield ind1='1' ind2='0' tag='245'><subfield code='a'>Catechism, physico-medicum:</subfield><subfield code='h'>[electronic resource] :</subfield><subfield code='b'>being an epitome of the theory and practice of physic; agreeable to the best authors both antient and modern. : To which is added, some practical rules and observations, and a discourse, on the nature, and operation of mercury, as a medicine. /</subfield><subfield code='c'>By a student in physic, in Connecticut. ; [One line of quotation in Latin]</subfield></datafield><datafield ind1=' ' ind2=' ' tag='260'><subfield code='a'>Hartford, :</subfield><subfield code='b'>Printed by Watson and Goodwin.,</subfield><subfield code='c'>[1778].</subfield></datafield><datafield ind1=' ' ind2=' ' tag='300'><subfield code='a'>vi, 7-49, [1] p. ;</subfield><subfield code='c'>20 cm.</subfield></datafield><datafield ind1=' ' ind2=' ' tag='500'><subfield code='a'>Author&apos;s preface signed: J.M. Mar. 17, 1778. Attributed to Jehu Minor by the National Library of Medicine, on the basis of a ms. note on its copy. But there is no record of medical studies in Minor&apos;s curriculum at Yale. Cf. Dexter&apos;s Yale graduates.</subfield></datafield><datafield ind1=' ' ind2=' ' tag='500'><subfield code='a'>Page 49 misnumbered 48 in some copies.</subfield></datafield><datafield ind1=' ' ind2=' ' tag='506'><subfield code='a'>Subscription and registration required for access.</subfield></datafield><datafield ind1='4' ind2=' ' tag='510'><subfield code='a'>Evans</subfield><subfield code='c'>15913</subfield></datafield><datafield ind1='4' ind2=' ' tag='510'><subfield code='a'>Austin, R.B.  Early Amer. medical imprints,</subfield><subfield code='c'>1312</subfield></datafield><datafield ind1=' ' ind2=' ' tag='530'><subfield code='a'>Microform version available in the Readex Early American Imprints series.</subfield></datafield><datafield ind1=' ' ind2=' ' tag='533'><subfield code='a'>Electronic text and image data.</subfield><subfield code='b'>[Chester, Vt. :</subfield><subfield code='c'>Readex, a division of Newsbank, Inc.,</subfield><subfield code='d'>2002-2004.</subfield><subfield code='e'>Includes files in TIFF, GIF and PDF formats with inclusion of keyword searchable text.</subfield><subfield code='f'>(Early American imprints. Series I, Evans (1639-1800); no. 15913).</subfield><subfield code='n'>Mode of access : World Wide Web.</subfield></datafield><datafield ind1=' ' ind2='0' tag='650'><subfield code='a'>Medicine.</subfield></datafield><datafield ind1=' ' ind2='0' tag='650'><subfield code='a'>Pathology.</subfield></datafield><datafield ind1='1' ind2=' ' tag='700'><subfield code='a'>Minor, Jehu,</subfield><subfield code='d'>1743-1808.</subfield></datafield><datafield ind1=' ' ind2=' ' tag='752'><subfield code='a'>United States</subfield><subfield code='b'>Connecticut</subfield><subfield code='d'>Hartford.</subfield></datafield><datafield ind1=' ' ind2='0' tag='830'><subfield code='a'>Early American imprints.</subfield><subfield code='n'>Series I,</subfield><subfield code='p'>Evans (1639-1800);</subfield><subfield code='v'>no. 15913.</subfield></datafield><datafield ind1='4' ind2='1' tag='856'><subfield code='u'>http://opac.newsbank.com/select/evans/15913</subfield></datafield></record>